<record><leader>00000cas a22000007a 4500</leader><controlfield tag="001">12170583</controlfield><controlfield tag="008">850618d19431962njuwr ne      0    0eng d</controlfield><datafield ind1=" " ind2=" " tag="010"><subfield code="a">sn 85035797 </subfield></datafield><datafield ind1=" " ind2=" " tag="040"><subfield code="a">NPA</subfield><subfield code="b">eng</subfield><subfield code="c">NPA</subfield><subfield code="d">NJW</subfield><subfield code="d">OCLCQ</subfield></datafield><datafield ind1=" " ind2=" " tag="042"><subfield code="a">msc</subfield></datafield><datafield ind1="0" ind2=" " tag="130"><subfield code="a">Mount Holly herald (1943)</subfield></datafield><datafield ind1="1" ind2="0" tag="245"><subfield code="a">Mount Holly herald.</subfield></datafield><datafield ind1=" " ind2=" " tag="260"><subfield code="a">Mount Holly, N.J. :</subfield><subfield code="b">G. Howard Sleeper,</subfield><subfield code="c">1943-1962.</subfield></datafield><datafield ind1=" " ind2=" " tag="300"><subfield code="a">v. :</subfield><subfield code="b">ill.</subfield></datafield><datafield ind1=" " ind2=" " tag="310"><subfield code="a">Weekly</subfield></datafield><datafield ind1="0" ind2=" " tag="362"><subfield code="a">Vol. 68, no. 25 (June 18, 1943)-v. 87, no. 28 (July 12, 1962).</subfield></datafield><datafield ind1=" " ind2=" " tag="530"><subfield code="a">Also issued on microfilm by the Micro Photo Div., Bell &amp; Howell.</subfield></datafield><datafield ind1=" " ind2=" " tag="752"><subfield code="a">United States</subfield><subfield code="b">New Jersey</subfield><subfield code="c">Burlington</subfield><subfield code="d">Mount Holly.</subfield></datafield><datafield ind1="0" ind2="5" tag="780"><subfield code="t">Levittown herald</subfield><subfield code="g">1959</subfield></datafield><datafield ind1="0" ind2="0" tag="780"><subfield code="t">Mount Holly herald and Mount Holly news</subfield><subfield code="w">(DLC)sn 85035796</subfield><subfield code="w">(OCoLC)12170574</subfield></datafield><datafield ind1="0" ind2="0" tag="785"><subfield code="t">Burlington County herald (1962)</subfield><subfield code="w">(DLC)sn 85035798</subfield><subfield code="w">(OCoLC)12170597</subfield></datafield></record>